<record><leader>00000cas a22000007a 4500</leader><controlfield tag="001">12102095</controlfield><controlfield tag="008">850531d18681886ksuwr ne      0    0ger d</controlfield><datafield ind1=" " ind2=" " tag="010"><subfield code="a">sn 85029252 </subfield></datafield><datafield ind1=" " ind2=" " tag="040"><subfield code="a">KSH</subfield><subfield code="b">eng</subfield><subfield code="c">KSH</subfield><subfield code="d">NPT</subfield><subfield code="d">NPX</subfield><subfield code="d">YOX</subfield><subfield code="d">OCLCQ</subfield><subfield code="d">KRTAS</subfield><subfield code="d">OCLCQ</subfield><subfield code="d">OCLCF</subfield><subfield code="d">OCLCO</subfield><subfield code="d">OCLCA</subfield></datafield><datafield ind1="1" ind2=" " tag="029"><subfield code="a">AU@</subfield><subfield code="b">000020378203</subfield></datafield><datafield ind1=" " ind2=" " tag="042"><subfield code="a">msc</subfield></datafield><datafield ind1=" " ind2=" " tag="043"><subfield code="a">n-us-ks</subfield></datafield><datafield ind1="0" ind2=" " tag="130"><subfield code="a">Kansas freie Presse (Leavenworth, Kan. : Weekly)</subfield></datafield><datafield ind1="1" ind2="0" tag="245"><subfield code="a">Kansas freie Presse.</subfield></datafield><datafield ind1=" " ind2=" " tag="250"><subfield code="a">Wo&#776;chentliche Ausg.</subfield></datafield><datafield ind1=" " ind2=" " tag="260"><subfield code="a">Leavenworth, Kan. :</subfield><subfield code="b">J.M. Haeberlein</subfield></datafield><datafield ind1=" " ind2=" " tag="300"><subfield code="a">v. ;</subfield><subfield code="c">61-70 cm.</subfield></datafield><datafield ind1=" " ind2=" " tag="310"><subfield code="a">Weekly</subfield></datafield><datafield ind1="1" ind2=" " tag="362"><subfield code="a">Began in 1868.</subfield><subfield code="z">Cf. Rowell, 1871.</subfield></datafield><datafield ind1="1" ind2=" " tag="362"><subfield code="a">Ceased in 1886.</subfield><subfield code="z">Cf. Arndt &amp; Olson. German lang. press.</subfield></datafield><datafield ind1=" " ind2=" " tag="500"><subfield code="a">Publishers: J.M. Haeberlein, &lt;1869&gt;; Ed. F. Haeberlein &amp; Bros., &lt;1876&gt;.</subfield></datafield><datafield ind1=" " ind2=" " tag="500"><subfield code="a">Republican. Cf. Rowell, 1871.</subfield></datafield><datafield ind1=" " ind2=" " tag="546"><subfield code="a">In German.</subfield></datafield><datafield ind1=" " ind2=" " tag="550"><subfield code="a">"Official organ des Turubezirks."</subfield></datafield><datafield ind1=" " ind2=" " tag="580"><subfield code="a">Daily ed.: Kansas freie Presse (Leavenworth, Kan. : Daily).</subfield></datafield><datafield ind1=" " ind2=" " tag="588"><subfield code="a">Description based on: 2. Juni 1869.</subfield></datafield><datafield ind1=" " ind2="0" tag="650"><subfield code="a">Germans</subfield><subfield code="z">Kansas</subfield><subfield code="v">Newspapers.</subfield></datafield><datafield ind1=" " ind2="4" tag="651"><subfield code="a">Leavenworth (Kan.)</subfield><subfield code="v">Newspapers.</subfield></datafield><datafield ind1=" " ind2="7" tag="655"><subfield code="a">Newspapers.</subfield><subfield code="2">fast</subfield><subfield code="0">(OCoLC)fst01423814</subfield></datafield><datafield ind1=" " ind2="7" tag="650"><subfield code="a">Germans.</subfield><subfield code="2">fast</subfield><subfield code="0">(OCoLC)fst00942100</subfield></datafield><datafield ind1=" " ind2="7" tag="651"><subfield code="a">Kansas.</subfield><subfield code="2">fast</subfield><subfield code="0">(OCoLC)fst01204323</subfield></datafield><datafield ind1=" " ind2=" " tag="752"><subfield code="a">United States</subfield><subfield code="b">Kansas</subfield><subfield code="c">Leavenworth</subfield><subfield code="d">Leavenworth.</subfield></datafield><datafield ind1="1" ind2=" " tag="775"><subfield code="t">Kansas freie Presse (Leavenworth, Kan. : Daily)</subfield><subfield code="w">(DLC)sn 84027653</subfield></datafield><datafield ind1=" " ind2=" " tag="938"><subfield code="a">Kirtas Technologies, Inc.</subfield><subfield code="b">KRTS</subfield><subfield code="n">739234</subfield></datafield></record>